@article{mccombs1972agenda,
  title={The agenda-setting function of mass media},
  author={McCombs, Maxwell E and Shaw, Donald L},
  journal={Public opinion quarterly},
  volume={36},
  number={2},
  pages={176--187},
  year={1972},
  publisher={AAPOR}
}
@techreport{gentzkow2005media,
  title={Media bias and reputation},
  author={Gentzkow, Matthew and Shapiro, Jesse},
  year={2005},
  institution={National Bureau of Economic Research}
}
@article{wanta2004agenda,
  title={Agenda setting and international news: Media influence on public perceptions of foreign nations},
  author={Wanta, Wayne and Golan, Guy and Lee, Cheolhan},
  journal={Journalism \& Mass Communication Quarterly},
  volume={81},
  number={2},
  pages={364--377},
  year={2004},
  publisher={SAGE Publications}
}
@article{korzenny1987international,
  title={International news media exposure, knowledge, and attitudes},
  author={Korzenny, Felipe and del Toro, Wanda and Gaudino, James},
  journal={Journal of Broadcasting \& Electronic Media},
  volume={31},
  number={1},
  pages={73--87},
  year={1987},
  publisher={Taylor \& Francis}
}
